<record><leader>00000cas a2200000 i 4500</leader><controlfield tag="001">13664574</controlfield><controlfield tag="008">860530d18971903inuwr ne      0    0eng c</controlfield><datafield ind1=" " ind2=" " tag="010"><subfield code="a">sn 86058568 </subfield></datafield><datafield ind1=" " ind2=" " tag="040"><subfield code="a">NPI</subfield><subfield code="b">eng</subfield><subfield code="e">rda</subfield><subfield code="c">NPI</subfield><subfield code="d">OCLCQ</subfield><subfield code="d">IUL</subfield><subfield code="d">OCLCF</subfield></datafield><datafield ind1=" " ind2=" " tag="042"><subfield code="a">pcc</subfield></datafield><datafield ind1=" " ind2=" " tag="043"><subfield code="a">n-us-in</subfield></datafield><datafield ind1="0" ind2=" " tag="130"><subfield code="a">New Castle tribune (New Castle, Ind. : 1897)</subfield></datafield><datafield ind1="1" ind2="4" tag="245"><subfield code="a">The New Castle tribune.</subfield></datafield><datafield ind1=" " ind2="1" tag="264"><subfield code="a">New Castle, Indiana :</subfield><subfield code="b">Tribune Print. Co.,</subfield><subfield code="c">1897-</subfield></datafield><datafield ind1=" " ind2=" " tag="300"><subfield code="a">volumes :</subfield><subfield code="b">illustrations (chiefly advertisements) ;</subfield><subfield code="c">55-61 cm</subfield></datafield><datafield ind1=" " ind2=" " tag="310"><subfield code="a">Weekly</subfield></datafield><datafield ind1=" " ind2=" " tag="336"><subfield code="a">text</subfield><subfield code="b">txt</subfield><subfield code="2">rdacontent</subfield></datafield><datafield ind1=" " ind2=" " tag="337"><subfield code="a">unmediated</subfield><subfield code="b">n</subfield><subfield code="2">rdamedia</subfield></datafield><datafield ind1=" " ind2=" " tag="338"><subfield code="a">volume</subfield><subfield code="b">nc</subfield><subfield code="2">rdacarrier</subfield></datafield><datafield ind1="0" ind2=" " tag="362"><subfield code="a">First year, no. 1 (November 5, 1897)-</subfield></datafield><datafield ind1="1" ind2=" " tag="362"><subfield code="a">Ceased in 1903.</subfield></datafield><datafield ind1=" " ind2=" " tag="580"><subfield code="a">Also published in a daily ed. called: New Castle daily tribune.</subfield></datafield><datafield ind1=" " ind2=" " tag="580"><subfield code="a">Absorbed: Henry County Republican (New Castle, Ind. : 1895) in 1900.</subfield></datafield><datafield ind1=" " ind2=" " tag="580"><subfield code="a">May have had Spiceland edition called: Spiceland gazette.</subfield></datafield><datafield ind1=" " ind2=" " tag="588"><subfield code="a">Latest issue consulted: Fifth year, no. 52 (October 24, 1902); U.S. Newspaper Archive (viewed Aug. 7, 2017).</subfield></datafield><datafield ind1=" " ind2="0" tag="651"><subfield code="a">New Castle (Ind.)</subfield><subfield code="v">Newspapers.</subfield></datafield><datafield ind1=" " ind2="0" tag="651"><subfield code="a">Henry County (Ind.)</subfield><subfield code="v">Newspapers.</subfield></datafield><datafield ind1=" " ind2="7" tag="651"><subfield code="a">Indiana</subfield><subfield code="z">Henry County.</subfield><subfield code="2">fast</subfield><subfield code="0">(OCoLC)fst01209009</subfield></datafield><datafield ind1=" " ind2="7" tag="651"><subfield code="a">Indiana</subfield><subfield code="z">New Castle.</subfield><subfield code="2">fast</subfield><subfield code="0">(OCoLC)fst01236657</subfield></datafield><datafield ind1=" " ind2="7" tag="655"><subfield code="a">Newspapers.</subfield><subfield code="2">fast</subfield><subfield code="0">(OCoLC)fst01423814</subfield></datafield><datafield ind1=" " ind2=" " tag="752"><subfield code="a">United States</subfield><subfield code="b">Indiana</subfield><subfield code="c">Henry</subfield><subfield code="d">New Castle.</subfield></datafield><datafield ind1="1" ind2=" " tag="775"><subfield code="t">New Castle daily tribune</subfield><subfield code="w">(DLC)sn 87056745</subfield><subfield code="w">(OCoLC)17290007</subfield></datafield><datafield ind1="0" ind2="5" tag="780"><subfield code="t">Henry County Republican (New Castle, Ind. : 1895)</subfield><subfield code="w">(DLC)sn 86058574</subfield><subfield code="w">(OCoLC)13664565</subfield></datafield><datafield ind1="0" ind2="5" tag="780"><subfield code="t">Daily press (New Castle, Ind. : 1895)</subfield><subfield code="g">1900</subfield><subfield code="w">(DLC)sn 86058575</subfield><subfield code="w">(OCoLC)13662850</subfield></datafield><datafield ind1="0" ind2="1" tag="785"><subfield code="t">Tuesday tribune</subfield><subfield code="w">(DLC)sn 86058571</subfield><subfield code="w">(OCoLC)13664649</subfield></datafield><datafield ind1="0" ind2="1" tag="785"><subfield code="t">Friday tribune</subfield><subfield code="w">(DLC)sn 86058572</subfield><subfield code="w">(OCoLC)13664656</subfield></datafield><datafield ind1="1" ind2=" " tag="787"><subfield code="t">Spiceland gazette</subfield><subfield code="w">(DLC)sn 86058567</subfield><subfield code="w">(OCoLC)13662747</subfield></datafield><datafield ind1="4" ind2="1" tag="856"><subfield code="u">https://access.newspaperarchive.com/us/indiana/new-castle/new-castle-tribune/</subfield></datafield></record>